@misc{stackoverflow,
	author={Sean Kearon},
	year={2012},
	title = {Can you use a virtual machine to performance test an application?},
	date = {18/01/2012},
	howpublished={\url{http://stackoverflow.com/questions/8906954/can-you-use-a-virtual-machine-to-performance-test-an-application}},
	note = {{Accessed: 2017-04-04}},
}

@misc{windowsserver,
	author={Tintin},
	year={2011},
	title = {Performance Test is not reliable on Virtual Machine?},
	date = {21/11/2011},
	howpublished={\url{https://social.technet.microsoft.com/Forums/windowsserver/en-US/06c0e09b-c5b4-4e2c-90e3-61b06483fe5b/performance-test-is-not-reliable-on-virtual-machine?forum=winserverhyperv}},
	note = {{Accessed: 2017-04-04}},
}


@misc{performanceonvvirtual,
	author={Dee},
	year={2014},
	title = {performance-testing systems on virtual machines that normally run on physical machines},
	date = {3/2/2014},
	howpublished={\url{http://sqa.stackexchange.com/questions/7709/performance-testing-systems-on-virtual-machines-that-normally-run-on-physical-ma}},
	note = {{Accessed: 2017-04-04}},
}

@misc{sugarcrmexp,
	author={Christopher L Merrill},
	year={2009},
	title = {Load Testing SugarCRM in a Virtual Machine},
	date = {21/01/2009},
	howpublished={\url{http://www.webperformance.com/library/reports/Virtualization2/}},
	note = {{Accessed: 2017-04-04}},
}

@misc{bbs,
	author={Simon Sage},
	year={2014},
	title = {BlackBerry Enterprise Server 12 now available},
	date = {13/11/2014},
	howpublished={\url{http://crackberry.com/blackberry-enterprise-server-12-now-available}},
	note = {{Accessed: 2017-04-04}},
}

@misc{sugarcrm,
	author={Wikipedia},
	year={2017},
	title = {SugarCRM},
	date = {16/03/2017},
	howpublished={\url{https://en.wikipedia.org/wiki/SugarCRM#Deployment_options}},
	note = {{Accessed: 2017-04-04}},
}

@misc{vmware_test_lab,
	author={John Tolly},
	year={2012},
	title = {Building a VMware test lab: How to obtain and interpret performance metrics},
	howpublished={\url{http://searchvmware.techtarget.com/tip/Building-a-VMware-test-lab-How-to-obtain-and-interpret-performance-metrics}},
	note = {{Accessed: 2017-04-04}},
	}