@online{healthcare,
	title = {6 Software Development Lessons From Healthcare.gov's Failed Launch},
	date = {10/04/2016},
	url ={http://www.cio.com/article/2380827/developer/developer-6-software-development-lessons-from-healthcare-gov-s-failed-launch.html},
}

@INPROCEEDINGS{haroon, 
	author={H. Malik and H. Hemmati and A. E. Hassan}, 
	booktitle={2013 35th International Conference on Software Engineering (ICSE)}, 
	title={Automatic detection of performance deviations in the load testing of Large Scale Systems}, 
	year={2013}, 
	pages={1012-1021}, 
	keywords={input-output programs;program testing;public domain software;regression analysis;software performance evaluation;unsupervised learning;CPU utilization;LSS;SLA violations;automatic performance deviation detection;deviation prediction;disk I-O;large scale systems;load testing;logistic regression model;machine learning;memory consumption;network traffic;open source benchmark application;performance counters;root-cause analysis;run-time system properties;search-based technique;service level agreements;wrapper-based supervised approach;Control charts;Large-scale systems;Logistics;Monitoring;Principal component analysis;Radiation detectors;Testing;Machine Learning;Performance;Signature}, 
	ISSN={0270-5257}, 
	month={May},}

	@article{mcintosh2015emse,
	  Author = {Shane McIntosh and Yasutaka Kamei and Bram Adams and Ahmed E. Hassan},
	  Title = {{An Empirical Study of the Impact of Modern Code Review Practices on Software Quality}},
	  Year = {2015},
	  Journal = {Empirical Software Engineering},


	  Pages = {To appear}
	}
	
	@inproceedings{Cito:2015:MCA:2786805.2786826,
	 author = {Cito, J\"{u}rgen and Leitner, Philipp and Fritz, Thomas and Gall, Harald C.},
	 title = {The Making of Cloud Applications: An Empirical Study on Software Development for the Cloud},
	 booktitle = {Proceedings of the 2015 10th Joint Meeting on Foundations of Software Engineering},
	 series = {ESEC/FSE 2015},
	 year = {2015},
	 isbn = {978-1-4503-3675-8},
	 location = {Bergamo, Italy},
	 pages = {393--403},
	 numpages = {11},
	 acmid = {2786826},
	 publisher = {ACM},
	 address = {New York, NY, USA},
	 keywords = {cloud computing, user study},
	}

@Inbook{Chambers1990,
author="Chambers, J.
and Hastie, T.
and Pregibon, D.",
editor="Momirovi{\'{c}}, Konstantin
and Mildner, Vesna",
chapter="Statistical Models in S",
title="Compstat: Proceedings in Computational Statistics, 9th Symposium held at Dubrovnik, Yugoslavia, 1990",
year="1990",
publisher="Physica-Verlag HD",
address="Heidelberg",
pages="317--321",
isbn="978-3-642-50096-1"
}

@book{shewhart1931economic,
  title={Economic control of quality of manufactured product},
  author={Shewhart, Walter Andrew},
  volume={509},
  year={1931},
  publisher={ASQ Quality Press}
}
@inproceedings{syer2014maintenance,
	title={The Maintenance and Evolution of Field-Representative Performance Tests},
	author={Syer, Mark D},
	booktitle={2014 IEEE International Conference on Software Maintenance and Evolution (ICSME)},
	pages={665--665},
	year={2014},
	organization={IEEE}
}
@inproceedings{Malik:2010:ACL:1955601.1955936,
 author = {Malik, Haroon and Jiang, Zhen Ming and Adams, Bram and Hassan, Ahmed E. and Flora, Parminder and Hamann, Gilbert},
 title = {Automatic Comparison of Load Tests to Support the Performance Analysis of Large Enterprise Systems},
 booktitle = {CSMR '10: Proceedings of the 2010 14th European Conference on Software Maintenance and Reengineering},
 year = {2010},
 isbn = {978-0-7695-4321-5},
 pages = {222--231},
 numpages = {10},

} 

@book{harrell2001regression,
  title={Regression modeling strategies: with applications to linear models, logistic regression, and survival analysis},
  author={Harrell, Frank E},
  year={2001},
  publisher={Springer}
}

@book{freedman2009statistical,
  title={Statistical models: theory and practice},
  author={Freedman, David},
  year={2009},
  publisher={Cambridge University Press}
}

@book{kstest,
 author = {Stapleton, James H. },
 title = {Models for Probability and Statistical Inference: Theory and Applications},
 year = {2008},
 isbn = {978-0-470-07372-8},
 publisher = {WILEY},
}
Mode

@INPROCEEDINGS{5270324, 
author={Miao Jiang and Munawar, M.A and Reidemeister, T. and Ward, P.AS.}, 
booktitle={DSN '09: Proceedings of 2009 IEEE/IFIP International Conference on Dependable Systems Networks}, 
title={Automatic fault detection and diagnosis in complex software systems by information-theoretic monitoring}, 
year={2009}, 
month={June}, 
pages={285-294}, }

@INPROCEEDINGS{5635038, 
author={H. Malik and B. Adams and A. E. Hassan}, 
booktitle={2010 IEEE 21st International Symposium on Software Reliability Engineering}, 
title={Pinpointing the Subsystems Responsible for the Performance Deviations in a Load Test}, 
year={2010}, 
pages={201-210}, 
keywords={large-scale systems;performance evaluation;program testing;craft performance signature;domain knowledge;large scale system;load test;open source benchmark;operational knowledge;pair wise correlation;performance deviation;user performance counter data;Correlation;Databases;Generators;Principal component analysis;Radiation detectors;Servers;Testing;Load Testing;Performance Counters;Pinpointing}, 
ISSN={1071-9458}, 
month={Nov},}

@inproceedings{Jiang:2009:SMM:1555228.1555233,
 author = {Jiang, Miao and Munawar, Mohammad A. and Reidemeister, Thomas and Ward, Paul A.S.},
 title = {System Monitoring with Metric-correlation Models: Problems and Solutions},
 booktitle = {ICAC '09: Proceedings of the 6th International Conference on Autonomic Computing},
 year = {2009},
 isbn = {978-1-60558-564-2},
 pages = {13--22},
 numpages = {10},
}


@inproceedings{DBLP:conf/wosp/HegerHF13,
  author    = {Christoph Heger and
               Jens Happe and
               Roozbeh Farahbod},
  title     = {Automated root cause isolation of performance regressions
               during software development},
  pages     = {27--38},
booktitle = {ICPE '13: Proceedings of the 4th ACM/SPEC International Conference on Performance Engineering},
 year = {2013},
 isbn = {978-1-4503-1636-1},
 numpages = {12},
 acmid = {2479909},

}


@inproceedings{petericse,
 author = {Chen, Tse-Hsun and Shang, Weiyi and Jiang, Zhen Ming and Hassan, Ahmed E. and Nasser, Mohamed and Flora, Parminder},
 title = {Detecting Performance Anti-patterns for Applications Developed Using Object-relational Mapping},
 booktitle = {Proceedings of the 36th International Conference on Software Engineering},
 series = {ICSE 2014},
 year = {2014},
 isbn = {978-1-4503-2756-5},
 location = {Hyderabad, India},
 pages = {1001--1012},
 numpages = {12},
 url = {http://doi.acm.org/10.1145/2568225.2568259},
 acmid = {2568259},
 publisher = {ACM},
 address = {New York, NY, USA},
 keywords = {Dynamic Analysis, Performance, Performance Anti-pattern, Performance Evaluation, Static Analysis},
} 

@article{cliffsdeltajack,
	title={A Framework to Evaluate the Effectiveness of Different Load Testing Analysis Techniques},
	author={Gao, Ruoyu and Jiang, Zhen Ming Jack and Barna, Cornel and Litoiu, Marin}
}

@INPROCEEDINGS{whyvirtualisbetter, 
	author={P. M. Chen and B. D. Noble}, 
	booktitle={Hot Topics in Operating Systems, 2001. Proceedings of the Eighth Workshop on}, 
	title={When virtual is better than real [operating system relocation to virtual machines]}, 
	year={2001}, 
	pages={133-138}, 
	keywords={operating systems (computers);virtual machines;environment migration;intrusion detection;intrusion prevention;operating system;secure logging;virtual machine;Application software;Hardware;Large-scale systems;Linux;Operating systems;Security;Software testing;Virtual machine monitors;Virtual machining}, 
	month={May},}

@article{tailatscale,
	title = {The Tail at Scale},
	author  = {Jeffrey Dean and Luiz AndrÃ© Barroso},
	year  = {2013},
	journal = {Communications of the ACM},
	pages = {74-80},
	volume  = {56}
}

@INPROCEEDINGS{futureofspe, 
	author={M. Woodside and G. Franks and D. C. Petriu}, 
	booktitle={Future of Software Engineering, 2007. FOSE '07}, 
	title={The Future of Software Performance Engineering}, 
	year={2007}, 
	pages={171-187}, 
	keywords={software metrics;software performance evaluation;software quality;early-cycle predictive model-based approach;late-cycle measurement-based approach;software development cycle;software performance engineering;software performance improvement;software quality;Communication networks;Communication system software;Hardware;Middleware;Operating systems;Predictive models;Software measurement;Software performance;Software quality;Software systems}, 
	month={May},
}


@misc{qq_plots,
	Author={{University of Virgina}},
	Year={2016},
	title = {{Understanding Q-Q plots}},
	howpublished = {\url{http://data.library.virginia.edu/understanding-q-q-plots/}},
	note = {{Accessed: 2015-09-29}},
}

@inproceedings{Shihab:2010:UIC:1852786.1852792,
	author = {Shihab, Emad and Jiang, Zhen Ming and Ibrahim, Walid M. and Adams, Bram and Hassan, Ahmed E.},
	title = {Understanding the Impact of Code and Process Metrics on Post-release Defects: A Case Study on the Eclipse Project},
	booktitle = {Proceedings of the 2010 ACM-IEEE International Symposium on Empirical Software Engineering and Measurement},
	series = {ESEM '10},
	year = {2010},
	isbn = {978-1-4503-0039-1},
	location = {Bolzano-Bozen, Italy},
	pages = {4:1--4:10},
	articleno = {4},
	numpages = {10},
	url = {http://doi.acm.org/10.1145/1852786.1852792},
	acmid = {1852792},
	publisher = {ACM},
	address = {New York, NY, USA},
	keywords = {code metrics, post-release defects, process metrics, software quality analysis},
}

@inproceedings{Shang:2015:ADP:2668930.2688052,
	author = {Shang, Weiyi and Hassan, Ahmed E. and Nasser, Mohamed and Flora, Parminder},
	title = {Automated Detection of Performance Regressions Using Regression Models on Clustered Performance Counters},
	booktitle = {Proceedings of the 6th ACM/SPEC International Conference on Performance Engineering},
	series = {ICPE '15},
	year = {2015},
	isbn = {978-1-4503-3248-4},
	location = {Austin, Texas, USA},
	pages = {15--26},
	numpages = {12},
	acmid = {2688052},
	publisher = {ACM},
	address = {New York, NY, USA},
} 

@inproceedings{bertolino2007software,
	title={Software testing research: Achievements, challenges, dreams},
	author={Bertolino, Antonia},
	booktitle={2007 Future of Software Engineering},
	pages={85--103},
	year={2007},
	organization={IEEE Computer Society},
}

@inproceedings{kraft2011io,
	title={IO performance prediction in consolidated virtualized environments},
	author={Kraft, Stephan and Casale, Giuliano and Krishnamurthy, Diwakar and Greer, Des and Kilpatrick, Peter},
	booktitle={ACM SIGSOFT Software Engineering Notes},
	volume={36},
	number={5},
	pages={295--306},
	year={2011},
	organization={ACM},
}

@inproceedings{tarekmsr16,
  title={Studying the Effectiveness of Application Performance Management (APM) Tools for Detecting Performance Regressions for Web Applications: An Experience Report},
  author={Ahmed, Tarek M and Bezemer, Cor-Paul and Chen, Tse-Hsun and Hassan, Ahmed E and Shang, Weiyi},
 booktitle = {MSR 2016: Proceedings of the 13th Working Conference on Mining Software Repositories},
year = {2016},
 numpages = {10},
}



@inproceedings{jackson2010performance,
	title={Performance analysis of high performance computing applications on the amazon web services cloud},
	author={Jackson, Keith R and Ramakrishnan, Lavanya and Muriki, Krishna and Canon, Shane and Cholia, Shreyas and Shalf, John and Wasserman, Harvey J and Wright, Nicholas J},
	booktitle={Cloud Computing Technology and Science (CloudCom), 2010 IEEE Second International Conference on},
	pages={159--168},
	year={2010},
	organization={IEEE},
}

@inproceedings{foo2010mining,
	title={Mining performance regression testing repositories for automated performance analysis},
	author={Foo, King Chun and Jiang, Zhen Ming and Adams, Bram and Hassan, Ahmed E and Zou, Ying and Flora, Parminder},
	booktitle={Quality Software (QSIC), 2010 10th International Conference on},
	pages={32--41},
	year={2010},
	organization={IEEE},
}

@article{stpmag,
	title={An Evolution In Performance Testing},
	author={Scott Barber},
	journal={Software Test and Performance Magazine},
	year={July 2006},
	publisher={BZ Media Publications},
}


@INPROCEEDINGS{BumHyunLim, 
	author={Bum Hyun Lim and Jin Ryong Kim and Kwang Hyun Shim}, 
	booktitle={Advanced Communication Technology, 2006. ICACT 2006. The 8th International Conference}, 
	title={A load testing architecture for networked virtual environment}, 
	year={2006}, 
	volume={1}, 
	pages={5 pp.-848}, 
	keywords={client-server systems;resource allocation;distributed applications;load testing architecture;networked virtual environment;server stability;virtual client;Analytical models;Databases;Discrete event simulation;Environmental management;Large-scale systems;Libraries;Network servers;Protocols;Testing;Virtual environment;Load test;beta test;game simulator;networked virtual environment;stress test;virtual client}, 
	month={Feb},
}

@article{seetharaman2006test,
	title={Test optimization using software virtualization},
	author={Seetharaman, Swaminathan and Murthy, Krishna},
	journal={Software, IEEE},
	volume={23},
	number={5},
	pages={66--69},
	year={2006},
	publisher={IEEE},
}

@misc{VMWarePowerCLIBlog,
	Author = {Alan Renouf},
	Title = {Be efficient-Virtualize automate your test environment},
	howpublished={\url{https://blogs.vmware.com/PowerCLI/2012/06/be-efficient-virtualize-automate-your-test-environment.html}}
}
@misc{amazononesec,
	Title = {How One Second Could Cost Amazon \$1.6 Billion In Sales},
	howpublished={\url{http://www.fastcompany.com/1825005/how-one-second-could-cost-amazon-16-billion-sales}},
}



@inproceedings{menon2005diagnosing,
	title={Diagnosing performance overheads in the Xen virtual machine environment},
	author={Menon, Aravind and Santos, Jose Renato and Turner, Yoshio and Janakiraman, G John and Zwaenepoel, Willy},
	booktitle={Proceedings of the 1st ACM/USENIX international conference on Virtual execution environments},
	pages={13--23},
	year={2005},
	organization={ACM},
}
@article{walker1929studies,
  title={Studies in the history of statistical method: With special reference to certain educational problems.},
  author={Walker, Helen M},
  year={1929},
  publisher={Williams \& Wilkins Co}
}
@book{harrell2015regression,
  title={Regression modeling strategies: with applications to linear models, logistic and ordinal regression, and survival analysis},
  author={Harrell, Frank},
  year={2015},
  publisher={Springer}
}

@article{ranjanbook,
 note = {Reviewer-Al-Jaar, Robert Y.},
 title = {Book Review: The Art of Computer Systems Performance Analysis: Techniques for Experimental Design, Measurement, Simulation, and Modeling by Raj Jain (John Wiley \& Sons 1991)},
 journal = {SIGMETRICS Perform. Eval. Rev.},
 issue_date = {Aug. 1991},
 volume = {19},
 number = {2},
 month = sep,
 year = {1991},
 issn = {0163-5999},
 pages = {5--11},
 numpages = {7},
 acmid = {1045495},
 publisher = {ACM},
 address = {New York, NY, USA},
}
@Article{Syer2016,
author="Syer, Mark D.
and Shang, Weiyi
and Jiang, Zhen Ming
and Hassan, Ahmed E.",
title="Continuous validation of performance test workloads",
journal="Automated Software Engineering",
year="2016",
pages="1--43",
issn="1573-7535",
}
@INPROCEEDINGS{markicsm2013, 
author={M. D. Syer and Z. M. Jiang and M. Nagappan and A. E. Hassan and M. Nasser and P. Flora}, 
booktitle={Software Maintenance (ICSM), 2013 29th IEEE International Conference on}, 
title={Leveraging Performance Counters and Execution Logs to Diagnose Memory-Related Performance Issues}, 
year={2013}, 
pages={110-119}, 
ISSN={1063-6773}, 
month={Sept},}

@inproceedings{heger2013automated,
	title={Automated root cause isolation of performance regressions during software development},
	author={Heger, Christoph and Happe, Jens and Farahbod, Roozbeh},
	booktitle={Proceedings of the 4th ACM/SPEC International Conference on Performance Engineering},
	pages={27--38},
	year={2013},
	organization={ACM},
}

@misc{delldvd,
	title = {Dell DVD Store},
	author={Dave Jaffe, Todd Muirhead},
	howpublished = {\url{http://linux.dell.com/dvdstore/}},
	note = {Accessed: 2015-06-01},
}

@incollection{RInAction,
	author      = {Robert I. Kabacoff},
	title       = {{R In Action}},
	booktitle       = {{R In Action}},
	pages={207-213},
	publisher   = {Manning Publications Co.},
	address     = {Staten Island, NY},
	year        = {2011},
}

@misc{perfmon,
	title = {Windows Performance Counters},
	author={{Microsoft {T}echnet}},
	howpublished = {\url{https://technet.microsoft.com/en-us/library/cc780836(v=ws.10).aspx}},
	note = {Accessed: 2015-06-01},
}


@inproceedings{kohavi1995study,
	title={A study of cross-validation and bootstrap for accuracy estimation and model selection},
	author={Kohavi, Ron and others},
	booktitle={Ijcai},
	volume={14},
	number={2},
	pages={1137--1145},
	year={1995},
}

@misc{mape,
	author={Eric Stellwagen},
	title = {Mean Absolute Percentage Error},
	howpublished = {\url{http://www.forecastpro.com/Trends/forecasting101August2011.html}},
	note = {Accessed: 2015-06-01},
}

@inproceedings{cohen2004correlating,
	title={Correlating Instrumentation Data to System States: A Building Block for Automated Diagnosis and Control.},
	author={Cohen, Ira and Chase, Jeffrey S and Goldszmidt, Moises and Kelly, Terence and Symons, Julie},
	booktitle={OSDI},
	volume={4},
	pages={16--16},
	year={2004},
}

@inproceedings{sugerman2001virtualizing,
	title={Virtualizing I/O Devices on VMware Workstation's Hosted Virtual Machine Monitor.},
	author={Sugerman, Jeremy and Venkitachalam, Ganesh and Lim, Beng-Hong},
	booktitle={USENIX Annual Technical Conference, General Track},
	pages={1--14},
	year={2001}
}

@misc{tomcat,
	author={Apache},
	title = {Tomcat},
	howpublished = {\url{http://tomcat.apache.org/}},
	note = {Accessed: 2015-06-01},
}
https://github.com/giampaolo/psutil


@misc{psutil,
	title = {Psutil},
	howpublished = {\url{https://github.com/giampaolo/psutil}},
	note = {Accessed: 2015-06-01},
}

@inproceedings{xiong2013vperfguard,
	author = {Xiong, Pengcheng and Pu, Calton and Zhu, Xiaoyun and Griffith, Rean},
	title = {vPerfGuard: An Automated Model-driven Framework for Application Performance Diagnosis in Consolidated Cloud Environments},
	booktitle = {Proceedings of the 4th ACM/SPEC International Conference on Performance Engineering},
	series = {ICPE '13},
	year = {2013},
	isbn = {978-1-4503-1636-1},
	location = {Prague, Czech Republic},
	pages = {271--282},
	numpages = {12},
	acmid = {2479909},
	publisher = {ACM},
	address = {New York, NY, USA},
	keywords = {automated framework, cloud computing, model-driven, performance analysis, performance diagnosis, statistical methods},
}

@misc{wamp,
	author={Romain Bourdon},
	title = {{Wamp Server}},
	howpublished = {\url{http://www.wampserver.com/en//}},
	note = {{Accessed: 2015-11-18}},
}

@misc{SanFranciscoStateUniversity,
	author={Edward {F}. {C}onnor}, 
	title = {{Generalized Linear Models}},
	howpublished={\url{http://userwww.sfsu.edu/efc/classes/biol710/Glz/Generalized\%20Linear\%20Models.htm}},
	note = {Accessed: 2015-09-29},
}

@inproceedings{Nguyen:2012:ADP:2188286.2188344,
	author = {Nguyen, Thanh H.D. and Adams, Bram and Jiang, Zhen Ming and Hassan, Ahmed E. and Nasser, Mohamed and Flora, Parminder},
	title = {Automated Detection of Performance Regressions Using Statistical Process Control Techniques},
	booktitle = {Proceedings of the 3rd ACM/SPEC International Conference on Performance Engineering},
	series = {ICPE '12},
	year = {2012},
	isbn = {978-1-4503-1202-8},
	location = {Boston, Massachusetts, USA},
	pages = {299--310},
	numpages = {12},
	acmid = {2188344},
	publisher = {ACM},
	address = {New York, NY, USA},
	keywords = {load testing, performance engineering, statistical control technique},
}


@inproceedings{Cohen:2005:CIC:1095810.1095821,
	author = {Cohen, Ira and Zhang, Steve and Goldszmidt, Moises and Symons, Julie and Kelly, Terence and Fox, Armando},
	title = {Capturing, Indexing, Clustering, and Retrieving System History},
	booktitle = {Proceedings of the Twentieth ACM Symposium on Operating Systems Principles},
	series = {SOSP '05},
	year = {2005},
	isbn = {1-59593-079-5},
	location = {Brighton, United Kingdom},
	pages = {105--118},
	numpages = {14},
	acmid = {1095821},
} 

@inproceedings{bodik2008hilighter,
	title={HiLighter: Automatically Building Robust Signatures of Performance Behavior for Small-and Large-Scale Systems.},
	author={Bod{\'\i}k, Peter and Goldszmidt, Moises and Fox, Armando},
	booktitle={SysML},
	year={2008}
}

@INPROCEEDINGS{jackicsm2009, 
author={Z. M. Jiang and A. E. Hassan and G. Hamann and P. Flora}, 
booktitle={Software Maintenance, 2009. ICSM 2009. IEEE International Conference on}, 
title={Automated performance analysis of load tests}, 
year={2009}, 
pages={125-134}, 
keywords={computer network performance evaluation;systems analysis;automated performance analysis;execution log analyzation;in-depth performance comparison;large industrial system;load test;system performance baseline;system under load performance problem;unexpected high response time;Automatic testing;Computer bugs;Delay;Monitoring;Performance analysis;Software performance;Software testing;System performance;System testing;Throughput}, 
ISSN={1063-6773}, 
month={Sept},}

@article{jiang2011system,
	title={System monitoring with metric-correlation models},
	author={Jiang, Miao and Munawar, Mohammad and Reidemeister, Thomas and Ward, Paul AS and others},
	journal={Network and Service Management, IEEE Transactions on},
	volume={8},
	number={4},
	pages={348--360},
	year={2011},
	publisher={IEEE},
}

@misc{vmwareCPU,
	author={{VMW}are},
	title = {{VMw}are Knowledge Base},
	howpublished={\url{http://kb.vmware.com/selfservice/microsites/search.do?language=en_US\&cmd=displayKC\&externalID=2032}},
	note = {Accessed: 2015-12-01},
}


@misc{tpcw,
	author={{TPC}},
	title = {{TPC-W}},
	howpublished = {\url{www.tpc.org/tpcw}},
	note = {Accessed: 2015-06-01},
}


@misc{mysql,
	author={Oracle},
	title = {{MYSQL} Server 5.6},
	howpublished = {\url{https://www.mysql.com/}},
	note = {Accessed: 2015-06-01},
}

@misc{cloudscaleproject,
	author={{C}loud{S}cale},
	title = {{{C}loudScale-{P}roject}},
	howpublished = {\url{www.cloudscale-project.eu}},
	note = {Accessed: 2015-06-01},
}

@misc{cloudstore,
	author={{{C}loudScale-{P}roject}},
	title = {CloudStore},
	howpublished={\url{https://github.com/CloudScale-Project/CloudStore}},
	note = {Accessed: 2015-06-01},
}

@misc{apachejmeter,
	author={{Apache}},
	title = {{{Jm}eter}},
	howpublished={\url{http://jmeter.apache.org/}},
	note = {Accessed: 2015-06-01},
}

@misc{stresstesting,
	author={{Wikipedia}},
	title = {{Stress Testing}},
	howpublished={\url{https://en.wikipedia.org/wiki/Stress_testing_(software)}},
	note = {Accessed: 2015-06-01},
}

@misc{windowsperfmon,
	author={{Microsoft {T}echnet}},
	title = {{Perfmon}},
	howpublished={\url{https://technet.microsoft.com/en-us/library/dd744567(v=ws.10).aspx}},
	note = {Accessed: 2015-06-01},
}

@misc{weinberg2003use,
	title={Use of server access logs to generate scripts and scenarios for exercising and evaluating performance of web sites},
	author={Weinberg, A. and Alperin, E.},
	url={https://www.google.com/patents/US6549944},
	year={2003},
	publisher={Google Patents},
	note={US Patent 6,549,944},
}

@misc{qqplots,
	author={{NIST/SEMATECH}},
	title = {{e-Handbook of Statistical Methods}},
	howpublished={\url{http://www.itl.nist.gov/div898/handbook/eda/section3/qqplot.htm}},
	note = {Accessed: 2015-06-01},
}

@misc{spearman,
	author={{Statistics {S}olutions}},
	title = {{Correlation (Pearson, Kendall, Spearman)
	}},
	howpublished={\url{http://www.statisticssolutions.com/correlation-pearson-kendall-spearman/}},
	note = {Accessed: 2015-06-01},
}

@misc{R,
	author={{Ross Ihaka and Robert Gentleman}},
	title = {{R}},
	howpublished={\url{https://www.r-project.org/}},
	note = {Accessed: 2015-06-01},
}

@misc{heatmaps,
	author={{Wikipedia}},
	title = {{Heat map}},
	howpublished={\url{https://en.wikipedia.org/wiki/Heat_map/}},
	note = {Accessed: 2015-06-01},
}

@article{rahm2000data,
	title={Data cleaning: Problems and current approaches},
	author={Rahm, Erhard and Do, Hong Hai},
	journal={IEEE Data Eng. Bull.},
	volume={23},
	number={4},
	pages={3--13},
	year={2000}
}

@article{mansfield1982detecting,
	title={Detecting multicollinearity},
	author={Mansfield, Edward R and Helms, Billy P},
	journal={The American Statistician},
	volume={36},
	number={3a},
	pages={158--160},
	year={1982},
	publisher={Taylor \& Francis}
}

@book{linearregression,
	author = {Stephen A. Sweet, Karen A. Grace-Martin},
	title = {{Data Analysis with SPSS: A First Course in Applied Statistics, 4th Edition}},
    publisher={Pearson},
    pages={161-188},
    chapter={7},
	date = {12/27/2015},
}

@article{brownftest,
	author = {Morton B. Brown, Alan B. Forsythe},
	title = {{Robust Tests for the Equality of Variances}},
	journal = {{Journal of the American Statistical Association}},
	volume = {69},
	number = {346},
	pages = {364-367},
	year = {1974},
	URL = {http://amstat.tandfonline.com/doi/abs/10.1080/01621459.1974.10482955},
	}
	
@misc{manutest,
	author={{Explorable}},
	title = {{Mann-Whitney \textit{U} Test}},
	howpublished={\url{https://explorable.com/mann-whitney-u-test}},
	note = {Accessed: 2015-06-01},
}


@Inbook{10foldcross,
	author="Refaeilzadeh, Payam
	and Tang, Lei
	and Liu, Huan",
	editor="LIU, LING
	and {\"O}ZSU, M. TAMER",
	chapter="Cross-Validation",
	title="Encyclopedia of Database Systems",
	year="2009",
	publisher="Springer US",
	address="Boston, MA",
	pages="532--538",
	isbn="978-0-387-39940-9",
}

@article{mannwhitney,
	title={The Mann-Whitney U: A test for assessing whether two independent samples come from the same distribution},
	author={Nachar, Nadim},
	journal={Tutorials in Quantitative Methods for Psychology},
	volume={4},
	number={1},
	pages={13--20},
	year={2008}
}


@inproceedings{brosig2013evaluating,
	title={Evaluating approaches for performance prediction in virtualized environments},
	author={Brosig, Fabian and Gorsler, Fabian and Huber, Nikolaus and Kounev, Samuel},
	booktitle={2013 IEEE 21st International Symposium on Modelling, Analysis and Simulation of Computer and Telecommunication Systems},
	pages={404--408},
	year={2013},
	organization={IEEE}
}


@inproceedings{huber2011evaluating,
	title={Evaluating and Modeling Virtualization Performance Overhead for Cloud Environments},
	author={Huber, Nikolaus and von Quast, Marcel and Hauck, Michael and Kounev, Samuel},
	booktitle={CLOSER},
	pages={563--573},
	year={2011}
}


@inproceedings{Luo:2016:MPR:2901739.2901765,
	author = {Luo, Qi and Poshyvanyk, Denys and Grechanik, Mark},
	title = {Mining Performance Regression Inducing Code Changes in Evolving Software},
	booktitle = {Proceedings of the 13th International Conference on Mining Software Repositories},
	series = {MSR '16},
	year = {2016},
	isbn = {978-1-4503-4186-8},
	location = {Austin, Texas},
	pages = {25--36},
	numpages = {12},
	url = {http://doi.acm.org/10.1145/2901739.2901765},
	acmid = {2901765},
	publisher = {ACM},
	address = {New York, NY, USA},
	keywords = {change impact analysis, genetic algorithms, mining execution traces, performance regression testing},
}


@online{costofdowntime,
	title = {The Avoidable Cost of Downtime},
	url = {http://www3.ca.com/~/media/files/articles/avoidable_cost_of_downtime_part_2_ita.aspx},
}

@online{vmwarehighcost,
	title = {Accelerate Software Development and
	Testing with the VMware Virtualization
	Platform},
	url = {http://www.vmware.com/pdf/development_testing.pdf},
}


@INPROCEEDINGS{whenvirtualisbetter, 
	author={P. M. Chen and B. D. Noble}, 
	booktitle={Hot Topics in Operating Systems, 2001. Proceedings of the Eighth Workshop on}, 
	title={When virtual is better than real [operating system relocation to virtual machines]}, 
	year={2001}, 
	pages={133-138}, 
	keywords={operating systems (computers);virtual machines;environment migration;intrusion detection;intrusion prevention;operating system;secure logging;virtual machine;Application software;Hardware;Large-scale systems;Linux;Operating systems;Security;Software testing;Virtual machine monitors;Virtual machining}, 
	month={May},}