@article{cor_R,
	author = {Max Kuhn},
	title = {Building Predictive Models in R Using the caret Package},
	journal = {Journal of Statistical Software, Articles},
	volume = {28},
	number = {5},
	year = {2008},
	pages = {1--26},
}


@inproceedings{cohen2004correlating,
	author = {Cohen, Ira and Goldszmidt, Moises and Kelly, Terence and Symons, Julie and Chase, Jeffrey S.},
	title = {Correlating Instrumentation Data to System States: A Building Block for Automated Diagnosis and Control},
	booktitle = {Proceedings of the 6th Conference on Symposium on Opearting Systems Design \& Implementation - Volume 6},
	series = {OSDI'04},
	year = {2004},
	pages = {16--16},
	numpages = {1},
} 


@article{chenanalytics,
	title={Analytics-Driven Load Testing: An Industrial Experience Report on Load Testing of Large-Scale Systems},
	author={Chen, Tse-Hsun and Syer, Mark D and Shang, Weiyi and Jiang, Zhen Ming and Hassan, Ahmed E and Nasser, Mohamed and Flora, Parminder}
}

@misc{stackoverflow,
	author={Sean Kearon},
	year={2012},
	title = {Can you use a virtual machine to performance test an application?},
	date = {18/01/2012},
	howpublished={\url{http://stackoverflow.com/questions/8906954/can-you-use-a-virtual-machine-to-performance-test-an-application}},
	note = {{Accessed: 2017-04-04}},
}

@misc{windowsserver,
	author={Tintin},
	year={2011},
	title = {Performance Test is not reliable on Virtual Machine?},
	date = {21/11/2011},
	howpublished={\url{https://social.technet.microsoft.com/Forums/windowsserver/en-US/06c0e09b-c5b4-4e2c-90e3-61b06483fe5b/performance-test-is-not-reliable-on-virtual-machine?forum=winserverhyperv}},
	note = {{Accessed: 2017-04-04}},
}


@misc{performanceonvvirtual,
	author={Dee},
	year={2014},
	title = {performance-testing systems on virtual machines that normally run on physical machines},
	date = {3/2/2014},
	howpublished={\url{http://sqa.stackexchange.com/questions/7709/performance-testing-systems-on-virtual-machines-that-normally-run-on-physical-ma}},
	note = {{Accessed: 2017-04-04}},
}

@misc{sugarcrmexp,
	author={Christopher L Merrill},
	year={2009},
	title = {Load Testing SugarCRM in a Virtual Machine},
	date = {21/01/2009},
	howpublished={\url{http://www.webperformance.com/library/reports/Virtualization2/}},
	note = {{Accessed: 2017-04-04}},
}

@misc{bes,
	author={BlackBerry},
	year={2014},
	title = {BlackBerry Enterprise Server},
	date = {13/11/2014},
	howpublished={\url{https://ca.blackberry.com/enterprise}},
	note = {{Accessed: 2017-04-04}},
}

@misc{sugarcrm,
	author={SugarCRM},
	year={2017},
	title = {SugarCRM},
	date = {16/03/2017},
	howpublished={\url{https://www.sugarcrm.com/}},
	note = {{Accessed: 2017-04-04}},
}

@misc{vmware_test_lab,
	author={John Tolly},
	year={2012},
	title = {Building a VMware test lab: How to obtain and interpret performance metrics},
	howpublished={\url{http://searchvmware.techtarget.com/tip/Building-a-VMware-test-lab-How-to-obtain-and-interpret-performance-metrics}},
	note = {{Accessed: 2017-04-04}},
	}
	
	
@inproceedings{jiang2009automated,
	title={Automated performance analysis of load tests},
	author={Jiang, Zhen Ming and Hassan, Ahmed E and Hamann, Gilbert and Flora, Parminder},
	booktitle={Software Maintenance, 2009. ICSM 2009. IEEE International Conference on},
	pages={125--134},
	year={2009},
	organization={IEEE}
}


@inproceedings{foo2010mining,
	title={Mining performance regression testing repositories for automated performance analysis},
	author={Foo, King Chun and Jiang, Zhen Ming and Adams, Bram and Hassan, Ahmed E and Zou, Ying and Flora, Parminder},
	booktitle={Quality Software (QSIC), 2010 10th International Conference on},
	pages={32--41},
	year={2010},
	organization={IEEE}
}

@inproceedings{malik2013automatic,
	title={Automatic detection of performance deviations in the load testing of large scale systems},
	author={Malik, Haroon and Hemmati, Hadi and Hassan, Ahmed E},
	booktitle={Proceedings of the 2013 International Conference on Software Engineering},
	pages={1012--1021},
	year={2013},
	organization={IEEE Press}
}

@inproceedings{nguyen2012automated,
	title={Automated detection of performance regressions using statistical process control techniques},
	author={Nguyen, Thanh HD and Adams, Bram and Jiang, Zhen Ming and Hassan, Ahmed E and Nasser, Mohamed and Flora, Parminder},
	booktitle={Proceedings of the 3rd ACM/SPEC International Conference on Performance Engineering},
	pages={299--310},
	year={2012},
	organization={ACM}
}


@inproceedings{xiong2013vperfguard,
	title={vPerfGuard: an automated model-driven framework for application performance diagnosis in consolidated cloud environments},
	author={Xiong, Pengcheng and Pu, Calton and Zhu, Xiaoyun and Griffith, Rean},
	booktitle={Proceedings of the 4th ACM/SPEC International Conference on Performance Engineering},
	pages={271--282},
	year={2013},
	organization={ACM},
}

@inproceedings{Shang:2015,
	author = {Shang, Weiyi and Hassan, Ahmed E. and Nasser, Mohamed and Flora, Parminder},
	title = {Automated Detection of Performance Regressions Using Regression Models on Clustered Performance Counters},
	booktitle = {Proceedings of the 6th ACM/SPEC International Conference on Performance Engineering},
	series = {ICPE '15},
	year = {2015},
	pages = {15-26},
	numpages = {12},
	publisher = {ACM},
} 

@inproceedings{Nistor,
	author = {Nistor, Adrian and Song, Linhai and Marinov, Darko and Lu, Shan},
	title = {Toddler: Detecting Performance Problems via Similar Memory-access Patterns},
	booktitle = {Proceedings of the 2013 International Conference on Software Engineering},
	series = {ICSE '13},
	year = {2013},
	location = {San Francisco, CA, USA},
	pages = {562--571},
	numpages = {10},
	publisher = {IEEE Press},
	address = {Piscataway, NJ, USA},
} 

@inproceedings{Jin,
	author = {Jin, Guoliang and Song, Linhai and Shi, Xiaoming and Scherpelz, Joel and Lu, Shan},
	title = {Understanding and Detecting Real-world Performance Bugs},
	booktitle = {Proceedings of the 33rd ACM SIGPLAN Conference on Programming Language Design and Implementation},
	series = {PLDI '12},
	year = {2012},
	location = {Beijing, China},
	pages = {77--88},
	numpages = {12},
	publisher = {ACM},
}


@article{jack_tse,
	title={A survey on load testing of large-scale software systems},
	author={Jiang, Zhen Ming and Hassan, Ahmed E},
	journal={IEEE Transactions on Software Engineering},
	volume={41},
	number={11},
	pages={1091--1118},
	year={2015},
	publisher={IEEE}
}


@inproceedings{huber2011,
	title={Evaluating and Modeling Virtualization Performance Overhead for Cloud Environments.},
	author={Huber, Nikolaus and von Quast, Marcel and Hauck, Michael and Kounev, Samuel},
	booktitle={CLOSER},
	pages={563--573},
	year={2011}
}

@inproceedings{brosig2013,
	title={Evaluating approaches for performance prediction in virtualized environments},
	author={Brosig, Fabian and Gorsler, Fabian and Huber, Nikolaus and Kounev, Samuel},
	booktitle={Modeling, Analysis \& Simulation of Computer and Telecommunication Systems (MASCOTS), 2013 IEEE 21st International Symposium on},
	pages={404--408},
	year={2013},
	organization={IEEE}
}

@inproceedings{menon2005,
	title={Diagnosing performance overheads in the xen virtual machine environment},
	author={Menon, Aravind and Santos, Jose Renato and Turner, Yoshio and Janakiraman, G John and Zwaenepoel, Willy},
	booktitle={Proceedings of the 1st ACM/USENIX international conference on Virtual execution environments},
	pages={13--23},
	year={2005},
	organization={ACM}
}


@misc{blue_link,
	author={Blue Link Associates Limited},
	year={2015},
	title = {Blue Link},
	howpublished={\url{http://www.bluelinkerp.com/blog/}},
	note = {{Accessed: 2017-04-04}},
}

@misc{vmware_thread,
	author={JPM300},
	year={2014},
	title = {VMWare Technology Network},
	howpublished={\url{https://communities.vmware.com/thread/484462}},
	note = {{Accessed: 2017-04-04}},
}


@misc{diskpassthrough,
	author={Eric Srion},
	year={2015},
	title = {The Time for Hyper-V Pass-Through Disks has Passed},
	howpublished={\url{http://www.altaro.com/hyper-v/hyper-v-pass-through-disks/}},
	note = {{Accessed: 2017-04-04}},
}

@inproceedings{Nguyen:2012,
	author = {Nguyen, Thanh H.D. and Adams, Bram and Jiang, Zhen Ming and Hassan, Ahmed E. and Nasser, Mohamed and Flora, Parminder},
	title = {Automated Detection of Performance Regressions Using Statistical Process Control Techniques},
	booktitle = {Proceedings of the 3rd ACM/SPEC International Conference on Performance Engineering},
	series = {ICPE '12},
	year = {2012},
	pages = {299--310},
	numpages = {12},
}

@INPROCEEDINGS{nistor_2, 
	author={A. Nistor and T. Jiang and L. Tan}, 
	booktitle={2013 10th Working Conference on Mining Software Repositories (MSR)}, 
	title={Discovering, reporting, and fixing performance bugs}, 
	year={2013}, 
	pages={237-246}, 
	month={May},
}

@INPROCEEDINGS{Tsakiltsidis, 
	author={S. Tsakiltsidis and A. Miranskyy and E. Mazzawi}, 
	booktitle={2016 IEEE International Symposium on Software Reliability Engineering Workshops (ISSREW)}, 
	title={On Automatic Detection of Performance Bugs}, 
	year={2016}, 
	pages={132-139},
	month={Oct},}

@INPROCEEDINGS{h_malik_p_bugs, 
	author={H. Malik and Z. M. Jiang and B. Adams and A. E. Hassan and P. Flora and G. Hamann}, 
	booktitle={2010 14th European Conference on Software Maintenance and Reengineering}, 
	title={Automatic Comparison of Load Tests to Support the Performance Analysis of Large Enterprise Systems}, 
	year={2010}, 
	pages={222-231}, 
	month={March},}

@INPROCEEDINGS{zaman_p_bugs, 
	author={S. Zaman and B. Adams and A. E. Hassan}, 
	booktitle={2012 9th IEEE Working Conference on Mining Software Repositories (MSR)}, 
	title={A qualitative study on performance bugs}, 
	year={2012}, 
	pages={199-208}, 
	month={June},}
