@article{jiang2015survey,
	title={A survey on load testing of large-scale software systems},
	author={Jiang, Zhen Ming and Hassan, Ahmed E},
	journal={IEEE Transactions on Software Engineering},
	volume={41},
	number={11},
	pages={1091--1118},
	year={2015},
	publisher={IEEE}
}

@article{garousi2010genetic,
	title={A genetic algorithm-based stress test requirements generator tool and its empirical evaluation},
	author={Garousi, Vahid},
	journal={IEEE Transactions on Software Engineering},
	volume={36},
	number={6},
	pages={778--797},
	year={2010},
	publisher={IEEE}
}

@inproceedings{garousi2008empirical,
	title={Empirical analysis of a genetic algorithm-based stress test technique},
	author={Garousi, Vahid},
	booktitle={Proceedings of the 10th annual conference on Genetic and evolutionary computation},
	pages={1743--1750},
	year={2008},
	organization={ACM}
}


@inproceedings{garousi2006traffic,
	title={Traffic-aware stress testing of distributed systems based on UML models},
	author={Garousi, Vahid and Briand, Lionel C and Labiche, Yvan},
	booktitle={Proceedings of the 28th international conference on Software engineering},
	pages={391--400},
	year={2006},
	organization={ACM}
}

@article{garousi2008traffic,
	title={Traffic-aware stress testing of distributed real-time systems based on UML models using genetic algorithms},
	author={Garousi, Vahid and Briand, Lionel C and Labiche, Yvan},
	journal={Journal of Systems and Software},
	volume={81},
	number={2},
	pages={161--185},
	year={2008},
	publisher={Elsevier}
}


@inproceedings{acharya2009mining,
	title={Mining health models for performance monitoring of services},
	author={Acharya, Mithun and Kommineni, Vamshidhar},
	booktitle={Automated Software Engineering, 2009. ASE'09. 24th IEEE/ACM International Conference on},
	pages={409--420},
	year={2009},
	organization={IEEE}
}


@incollection{huebner2001performance,
	title={Performance testing for IP services and systems},
	author={Huebner, Frank and Meier-Hellstern, Kathleen and Reeser, Paul},
	booktitle={Performance Engineering},
	pages={283--299},
	year={2001},
	publisher={Springer}
}

@inproceedings{lim2006hierarchical,
	title={Hierarchical load testing architecture using large scale virtual clients},
	author={Lim, Bum Hyun and Kim, Jin Ryong and Shim, Kwang Hyun},
	booktitle={Multimedia and Expo, 2006 IEEE International Conference on},
	pages={581--584},
	year={2006},
	organization={IEEE}
}


@inproceedings{chakravarty2010stress,
	title={Stress testing an ai based web service: A case study},
	author={Chakravarty, Anand},
	booktitle={Information Technology: New Generations (ITNG), 2010 Seventh International Conference on},
	pages={1004--1008},
	year={2010},
	organization={IEEE}
}

@article{kalita2011investigation,
	title={Investigation on performance testing and evaluation of PReWebN: a Java technique for implementing web application},
	author={Kalita, Mitashree and Khanikar, Sanjoy and Bezboruah, Tulshi},
	journal={IET software},
	volume={5},
	number={5},
	pages={434--444},
	year={2011},
	publisher={IET}
}


@article{zhang2002automated,
	title={Automated test case generation for the stress testing of multimedia systems},
	author={Zhang, Jian and Cheung, Shing Chi},
	journal={Software: Practice and Experience},
	volume={32},
	number={15},
	pages={1411--1435},
	year={2002},
	publisher={Wiley Online Library}
}







@book{Menasce:2001,
	author = {Menasce, Daniel A. and Almeida, Virgilio},
	title = {Capacity Planning for Web Services: Metrics, Models, and Methods},
	year = {2001},
	isbn = {0130659037},
	edition = {1st},
	publisher = {Prentice Hall PTR},
	address = {Upper Saddle River, NJ, USA},
} 


@book{Menasce:1994,
	author = {Menasc{\'e}, Daniel A. and Almeida, Virg\'{\i}lio A. F. and Dowdy, Larry W.},
	title = {Capacity Planning and Performance Modeling: From Mainframes to Client-server Systems},
	year = {1994},
	isbn = {0-13-035494-5},
	publisher = {Prentice-Hall, Inc.},
	address = {Upper Saddle River, NJ, USA},
} 



@book{Menasce:2000,
	author = {Menasce, Daniel A. and Virgilio, A. F. Almeida},
	title = {Scaling for E Business: Technologies, Models, Performance, and Capacity Planning},
	year = {2000},
	isbn = {0130863289},
	edition = {1st},
	publisher = {Prentice Hall PTR},
	address = {Upper Saddle River, NJ, USA},
}

@inproceedings{hoskins2005software,
	title={Software performance testing using covering arrays: efficient screening designs with categorical factors},
	author={Hoskins, Dean S and Colbourn, Charles J and Montgomery, Douglas C},
	booktitle={Proceedings of the 5th international workshop on Software and performance},
	pages={131--136},
	year={2005},
	organization={ACM}
}

@article{pozin2011models,
	title={Models in performance testing},
	author={Pozin, BA and Galakhov, Igor V},
	journal={Programming and Computer Software},
	volume={37},
	number={1},
	pages={15--25},
	year={2011},
	publisher={Springer}
}


@inproceedings{sopitkamol2005method,
	title={A method for evaluating the impact of software configuration parameters on e-commerce sites},
	author={Sopitkamol, Monchai and Menasc{\'e}, Daniel A},
	booktitle={Proceedings of the 5th international workshop on Software and performance},
	pages={53--64},
	year={2005},
	organization={ACM}
}

@inproceedings{cangussu2007reducing,
	title={Reducing the Number of Test Cases for Performance Evaluation of Components.},
	author={Cangussu, Joao W and Cooper, Kendra and Wong, W Eric},
	booktitle={SEKE},
	pages={145--150},
	year={2007},
	organization={Citeseer}
}


@article{cangussu2009segment,
	title={A segment based approach for the reduction of the number of test cases for performance evaluation of components},
	author={Cangussu, JoAO W and Cooper, Kendra and Wong, W Eric},
	journal={International Journal of Software Engineering and Knowledge Engineering},
	volume={19},
	number={04},
	pages={481--505},
	year={2009},
	publisher={World Scientific}
}






@incollection{csurgay1999performance,
	title={Performance testing at early design phases},
	author={Csurgay, Peter and Malek, Mazen},
	booktitle={Testing of Communicating Systems},
	pages={317--328},
	year={1999},
	publisher={Springer}
}

@inproceedings{denaro2004early,
	title={Early performance testing of distributed software applications},
	author={Denaro, Giovanni and Polini, Andrea and Emmerich, Wolfgang},
	booktitle={ACM SIGSOFT Software Engineering Notes},
	volume={29},
	number={1},
	pages={94--103},
	year={2004},
	organization={ACM}
}


@incollection{denaro2005performance,
	title={Performance testing of distributed component architectures},
	author={Denaro, Giovanni and Polini, Andrea and Emmerich, Wolfgang},
	booktitle={Testing Commercial-off-the-Shelf Components and Systems},
	pages={293--314},
	year={2005},
	publisher={Springer}
}








@book{Gorton,
	author = {Ian Gorton},
	title = {Essential Software Architecture},
	year = {2000},
	publisher = {Springer},
}



@inproceedings{Barna:2011,
	author = {Barna, Cornel and Litoiu, Marin and Ghanbari, Hamoun},
	title = {Autonomic Load-testing Framework},
	booktitle = {Proceedings of the 8th ACM International Conference on Autonomic Computing},
	series = {ICAC '11},
	year = {2011},
	isbn = {978-1-4503-0607-2},
	location = {Karlsruhe, Germany},
	pages = {91--100},
	numpages = {10},
	publisher = {ACM},
} 

@proceedings{Dumke:2001,
	editor = {Dumke, Reiner R. and Rautenstrauch, Claus and Schmietendorf, Andreas and Scholz, Andr{\'e}},
	title = {Performance Engineering, State of the Art and Current Trends},
	year = {2001},
	isbn = {3-540-42145-9},
	publisher = {Springer-Verlag},
	address = {London, UK, UK},
} 



@INPROCEEDINGS{6032540, 
	author={Barna, Cornel and Litoiu, Marin and Ghanbari, Hamoun}, 
	booktitle={2011 33rd International Conference on Software Engineering (ICSE)}, 
	title={Model-based performance testing: NIER track}, 
	year={2011}, 
	pages={872-875}, 
	month={May},}




@book{Beizer:1984,
	author = {Beizer, Boris},
	title = {Software System Testing and Quality Assurance},
	year = {1984},
	isbn = {0-442-21306-9},
	publisher = {Van Nostrand Reinhold Co.},
	address = {New York, NY, USA},
}

@ARTICLE{464549, 
	author={A. Avritzer and E. R. Weyuker}, 
	journal={IEEE Transactions on Software Engineering}, 
	title={The automatic generation of load test suites and the assessment of the resulting software}, 
	year={1995}, 
	volume={21}, 
	number={9}, 
	pages={705-716},
	}

@INPROCEEDINGS{Menasce02loadtesting,
	author = {Daniel A. Menasce},
	title = {Load Testing, Benchmarking, And Application Performance Management For The Web},
	booktitle = {Proc. 2002 Computer Management Group Conference},
	year = {2002},
	pages = {271--281}
}

@Article{Dillenseger2009,
	author={Dillenseger, Bruno},
	title={CLIF, a framework based on Fractal for flexible, distributed load testing},
	journal={annals of telecommunications - annales des t{\'e}l{\'e}communications},
	year={2009},
	volume={64},
	number={1},
	pages={101--120},
}

@article{Menasce:2002,
	author = {Menasc{\'e}, Daniel A.},
	title = {Load Testing of Web Sites},
	journal = {IEEE Internet Computing},
	issue_date = {July 2002},
	volume = {6},
	number = {4},
	month = jul,
	year = {2002},
	issn = {1089-7801},
	pages = {70--74},
	numpages = {5},
	publisher = {IEEE Educational Activities Department},
} 



@ARTICLE{536461, 
	author={A. Avritzer and J. P. Ros and E. J. Weyuker}, 
	journal={IEEE Software}, 
	title={Reliability testing of rule-based systems}, 
	year={1996}, 
	volume={13}, 
	number={5}, 
	pages={76-82}, 
	ISSN={0740-7459}, 
	month={Sep},}


@inproceedings{Bayan:2008,
	author = {Bayan, Mohamad and Cangussu, Jo\~{a}o W.},
	title = {Automatic Feedback, Control-based, Stress and Load Testing},
	booktitle = {Proceedings of the 2008 ACM Symposium on Applied Computing},
	series = {SAC '08},
	year = {2008},
	isbn = {978-1-59593-753-7},
	location = {Fortaleza, Ceara, Brazil},
	pages = {661--666},
	numpages = {6},
	publisher = {ACM},
} 



@misc{perf_load_stress,
	author = {Grig Gheorghiu},
	title = {Performance vs. load vs. stress testing},
	date = {February 2005},
	howpublished = {\url{http://agiletesting.blogspot.com/2005/02/ performance-vs-load-vs-stress-testing.html}},
	note = {{Accessed: 2017-02-16}},
}

@misc{perf_web,
	author = {J.D. Meier and Farre, Carlos  and Bansode, Prashant and Barber, Scott and Dennis Rea},
	title = {{Performance Testing Guidance for Web Applications - patterns and practices}},
	date = {September 1997},
	howpublished = {\url{http://msdn. microsoft.com/en-us/library/bb924375.aspx}},
	note = {{Accessed: 2017-02-16}},
}


@INPROCEEDINGS{4020172, 
	author={M. S. Bayan and J. W. Cangussu}, 
	booktitle={30th Annual International Computer Software and Applications Conference (COMPSAC'06)}, 
	title={Automatic Stress and Load Testing for Embedded Systems}, 
	year={2006}, 
	volume={2}, 
	pages={229-233}, 
	keywords={automatic test pattern generation;embedded systems;formal specification;program testing;three-term control;PID controller;automatic generation;automatic load testing;automatic stress testing;embedded systems;Automatic control;Automatic testing;Control systems;Embedded system;Feedback;Pi control;Proportional control;Stress;System testing;Three-term control}, 
	doi={10.1109/COMPSAC.2006.119}, 
	ISSN={0730-3157}, 
	month={Sept},}


@article{Yang:1996,
	author = {Yang, Cheer-Sun D. and Pollock, Lori L.},
	title = {Towards a Structural Load Testing Tool},
	journal = {SIGSOFT Softw. Eng. Notes},
	issue_date = {May 1996},
	volume = {21},
	number = {3},
	month = may,
	year = {1996},
	issn = {0163-5948},
	pages = {201--208},
	numpages = {8},
	url = {http://doi.acm.org/10.1145/226295.226318},
	doi = {10.1145/226295.226318},
	acmid = {226318},
	publisher = {ACM},
	address = {New York, NY, USA},
}


@online{healthcare,
	title = {6 Software Development Lessons From Healthcare.gov's Failed Launch},
	date = {10/04/2016},
	url ={http://www.cio.com/article/2380827/developer/developer-6-software-development-lessons-from-healthcare-gov-s-failed-launch.html},
}

@INPROCEEDINGS{haroon, 
	author={H. Malik and H. Hemmati and A. E. Hassan}, 
	booktitle={2013 35th International Conference on Software Engineering (ICSE)}, 
	title={Automatic detection of performance deviations in the load testing of Large Scale Systems}, 
	year={2013}, 
	pages={1012-1021}, 
	month={May},}

@article{mcintosh2015emse,
	author = {Mcintosh, Shane and Kamei, Yasutaka and Adams, Bram and Hassan, Ahmed E.},
	title = {An Empirical Study of the Impact of Modern Code Review Practices on Software Quality},
	journal = {Empirical Softw. Engg.},
	issue_date = {October 2016},
	volume = {21},
	number = {5},
	month = {oct},
	year = {2016},
	pages = {2146--2189},
	numpages = {44},
}





@inproceedings{Cito:2015:MCA:2786805.2786826,
	author = {Cito, J\"{u}rgen and Leitner, Philipp and Fritz, Thomas and Gall, Harald C.},
	title = {The Making of Cloud Applications: An Empirical Study on Software Development for the Cloud},
	booktitle = {Proceedings of the 2015 10th Joint Meeting on Foundations of Software Engineering},
	series = {ESEC/FSE 2015},
	year = {2015},
	isbn = {978-1-4503-3675-8},
	location = {Bergamo, Italy},
	pages = {393--403},
	numpages = {11},}

@Inbook{Chambers1990,
	author="Chambers, J.
	and Hastie, T.
	and Pregibon, D.",
	chapter="Statistical Models in S",
	title="Compstat: Proceedings in Computational Statistics, 9th Symposium held at Dubrovnik, Yugoslavia, 1990",
	year="1990",
	publisher="Physica-Verlag HD",
	address="Heidelberg",
	pages="317--321",
	isbn="978-3-642-50096-1"
}

@book{shewhart1931economic,
	title={Economic control of quality of manufactured product},
	author={Shewhart, Walter Andrew},
	volume={509},
	year={1931},
	publisher={ASQ Quality Press}
}
@inproceedings{syer2014maintenance,
	title={The Maintenance and Evolution of Field-Representative Performance Tests},
	author={Syer, Mark D},
	booktitle={2014 IEEE International Conference on Software Maintenance and Evolution (ICSME)},
	pages={665--665},
	year={2014},
	organization={IEEE}
}
@inproceedings{Malik:2010:ACL:1955601.1955936,
	author = {Malik, Haroon and Jiang, Zhen Ming and Adams, Bram and Hassan, Ahmed E. and Flora, Parminder and Hamann, Gilbert},
	title = {Automatic Comparison of Load Tests to Support the Performance Analysis of Large Enterprise Systems},
	booktitle = {CSMR '10: Proceedings of the 2010 14th European Conference on Software Maintenance and Reengineering},
	year = {2010},
	isbn = {978-0-7695-4321-5},
	pages = {222--231},
	numpages = {10},
	
} 

@book{harrell2001regression,
	title={Regression modeling strategies: with applications to linear models, logistic regression, and survival analysis},
	author={Harrell, Frank E},
	year={2001},
	publisher={Springer}
}

@book{freedman2009statistical,
	title={Statistical models: theory and practice},
	author={Freedman, David},
	year={2009},
	publisher={Cambridge University Press}
}


@book{kstest,
	author = {Stapleton, James H. },
	title = {Models for Probability and Statistical Inference: Theory and Applications},
	year = {2008},
	isbn = {978-0-470-07372-8},
	publisher = {WILEY},
}

@INPROCEEDINGS{5270324, 
	author={Miao Jiang and Munawar, M.A and Reidemeister, T. and Ward, P.AS.}, 
	booktitle={Proceedings of 2009 IEEE/IFIP International Conference on Dependable Systems Networks}, 
	title={Automatic fault detection and diagnosis in complex software systems by information-theoretic monitoring}, 
	year={2009}, 
	month={June}, 
	pages={285-294}, }

@INPROCEEDINGS{5635038, 
	author={H. Malik and B. Adams and A. E. Hassan}, 
	booktitle={2010 IEEE 21st International Symposium on Software Reliability Engineering}, 
	title={Pinpointing the Subsystems Responsible for the Performance Deviations in a Load Test}, 
	year={2010}, 
	pages={201-210}, 
	keywords={large-scale systems;performance evaluation;program testing;craft performance signature;domain knowledge;large scale system;load test;open source benchmark;operational knowledge;pair wise correlation;performance deviation;user performance counter data;Correlation;Databases;Generators;Principal component analysis;Radiation detectors;Servers;Testing;Load Testing;Performance Counters;Pinpointing}, 
	ISSN={1071-9458}, 
	month={Nov},}

@inproceedings{Jiang:2009:SMM:1555228.1555233,
	author = {Jiang, Miao and Munawar, Mohammad A. and Reidemeister, Thomas and Ward, Paul A.S.},
	title = {System Monitoring with Metric-correlation Models: Problems and Solutions},
	booktitle = {Proceedings of the 6th International Conference on Autonomic Computing},
	year = {2009},
	isbn = {978-1-60558-564-2},
	pages = {13--22},
	numpages = {10},
}


@inproceedings{DBLP:conf/wosp/HegerHF13,
	author    = {Christoph Heger and
	Jens Happe and
	Roozbeh Farahbod},
	title     = {Automated root cause isolation of performance regressions
	during software development},
	pages     = {27--38},
	booktitle = {ICPE '13: Proceedings of the 4th ACM/SPEC International Conference on Performance Engineering},
	year = {2013},
	isbn = {978-1-4503-1636-1},
	numpages = {12},
	acmid = {2479909},
	
}


@inproceedings{petericse,
	author = {Chen, Tse-Hsun and Shang, Weiyi and Jiang, Zhen Ming and Hassan, Ahmed E. and Nasser, Mohamed and Flora, Parminder},
	title = {Detecting Performance Anti-patterns for Applications Developed Using Object-relational Mapping},
	booktitle = {Proceedings of the 36th International Conference on Software Engineering},
	series = {ICSE 2014},
	year = {2014},
	isbn = {978-1-4503-2756-5},
	location = {Hyderabad, India},
	pages = {1001--1012},
	numpages = {12},
	url = {http://doi.acm.org/10.1145/2568225.2568259},
	acmid = {2568259},
	publisher = {ACM},
	address = {New York, NY, USA},
	keywords = {Dynamic Analysis, Performance, Performance Anti-pattern, Performance Evaluation, Static Analysis},
} 

@article{cliffsdeltajack,
	title={A Framework to Evaluate the Effectiveness of Different Load Testing Analysis Techniques},
	author={Gao, Ruoyu and Jiang, Zhen Ming Jack and Barna, Cornel and Litoiu, Marin}
}


@INPROCEEDINGS{whyvirtualisbetter, 
	author={P. M. Chen and B. D. Noble}, 
	booktitle={Proceedings of the Eighth Workshop on Hot Topics in Operating Systems, 2001.}, 
	title={When virtual is better than real [operating system relocation to virtual machines]}, 
	year={2001}, 
	pages={133-138}, 
	keywords={operating systems (computers);virtual machines;environment migration;intrusion detection;intrusion prevention;operating system;secure logging;virtual machine;Application software;Hardware;Large-scale systems;Linux;Operating systems;Security;Software testing;Virtual machine monitors;Virtual machining}, 
	month={May},}

@article{tailatscale,
	title = {The Tail at Scale},
	author  = {Jeffrey Dean and Luiz AndrÃ© Barroso},
	year  = {2013},
	journal = {Communications of the ACM},
	pages = {74-80},
	volume  = {56}
}

@INPROCEEDINGS{futureofspe, 
	author={M. Woodside and G. Franks and D. C. Petriu}, 
	booktitle={Future of Software Engineering, 2007.}, 
	title={The Future of Software Performance Engineering}, 
	year={2007}, 
	pages={171-187}, 
	keywords={software metrics;software performance evaluation;software quality;early-cycle predictive model-based approach;late-cycle measurement-based approach;software development cycle;software performance engineering;software performance improvement;software quality;Communication networks;Communication system software;Hardware;Middleware;Operating systems;Predictive models;Software measurement;Software performance;Software quality;Software systems}, 
	month={May},
}


@misc{qq_plots,
	Author={{University of Virgina}},
	Year={2016},
	title = {{Understanding Q-Q plots}},
	howpublished = {\url{http://data.library.virginia.edu/understanding-q-q-plots/}},
	note = {{Accessed: 2015-09-29}},
}

@inproceedings{Shihab:2010:UIC:1852786.1852792,
	author = {Shihab, Emad and Jiang, Zhen Ming and Ibrahim, Walid M. and Adams, Bram and Hassan, Ahmed E.},
	title = {Understanding the Impact of Code and Process Metrics on Post-release Defects: A Case Study on the Eclipse Project},
	booktitle = {Proceedings of the 2010 ACM-IEEE International Symposium on Empirical Software Engineering and Measurement},
	series = {ESEM '10},
	year = {2010},
	isbn = {978-1-4503-0039-1},
	location = {Bolzano-Bozen, Italy},
	pages = {4:1--4:10},
	articleno = {4},
	numpages = {10},
	url = {http://doi.acm.org/10.1145/1852786.1852792},
	acmid = {1852792},
	publisher = {ACM},
	address = {New York, NY, USA},
	keywords = {code metrics, post-release defects, process metrics, software quality analysis},
}

@inproceedings{Shang:2015:ADP:2668930.2688052,
	author = {Shang, Weiyi and Hassan, Ahmed E. and Nasser, Mohamed and Flora, Parminder},
	title = {Automated Detection of Performance Regressions Using Regression Models on Clustered Performance Counters},
	booktitle = {Proceedings of the 6th ACM/SPEC International Conference on Performance Engineering},
	series = {ICPE '15},
	year = {2015},
	pages = {15--26},
	numpages = {12},
	
} 

@inproceedings{bertolino2007software,
	title={Software testing research: Achievements, challenges, dreams},
	author={Bertolino, Antonia},
	booktitle={2007 Future of Software Engineering},
	pages={85--103},
	year={2007},
	organization={IEEE Computer Society},
}

@article{kraft2011io,
	author = {Kraft, Stephan and Casale, Giuliano and Krishnamurthy, Diwakar and Greer, Des and Kilpatrick, Peter},
	title = {IO performance prediction in consolidated virtualized environments},
	journal = {SIGSOFT Softw. Eng. Notes},
	issue_date = {September 2011},
	volume = {36},
	number = {5},
	month = sep,
	year = {2011},
	pages = {295--306},
}






@inproceedings{tarekmsr16,
	title={Studying the Effectiveness of Application Performance Management (APM) Tools for Detecting Performance Regressions for Web Applications: An Experience Report},
	author={Ahmed, Tarek M and Bezemer, Cor-Paul and Chen, Tse-Hsun and Hassan, Ahmed E and Shang, Weiyi},
	booktitle = {MSR 2016: Proceedings of the 13th Working Conference on Mining Software Repositories},
	year = {2016},
	numpages = {10},
}



@inproceedings{jackson2010performance,
	title={Performance analysis of high performance computing applications on the amazon web services cloud},
	author={Jackson, Keith R and Ramakrishnan, Lavanya and Muriki, Krishna and Canon, Shane and Cholia, Shreyas and Shalf, John and Wasserman, Harvey J and Wright, Nicholas J},
	booktitle={Cloud Computing Technology and Science (CloudCom), 2010 IEEE Second International Conference on},
	pages={159--168},
	year={2010},
	organization={IEEE},
}

@inproceedings{foo2010mining,
	title={Mining performance regression testing repositories for automated performance analysis},
	author={Foo, King Chun and Jiang, Zhen Ming and Adams, Bram and Hassan, Ahmed E and Zou, Ying and Flora, Parminder},
	booktitle={Quality Software (QSIC), 2010 10th International Conference on},
	pages={32--41},
	year={2010},
}

@article{stpmag,
	title={An Evolution In Performance Testing},
	author={Scott Barber},
	journal={Software Test and Performance Magazine},
	year={July 2006},
	publisher={BZ Media Publications},
}


@INPROCEEDINGS{BumHyunLim, 
	author={Bum Hyun Lim and Jin Ryong Kim and Kwang Hyun Shim}, 
	booktitle={Advanced Communication Technology, 2006. ICACT 2006. The 8th International Conference}, 
	title={A load testing architecture for networked virtual environment}, 
	year={2006}, 
	volume={1}, 
	pages={5 pp.-848}, 
	keywords={client-server systems;resource allocation;distributed applications;load testing architecture;networked virtual environment;server stability;virtual client;Analytical models;Databases;Discrete event simulation;Environmental management;Large-scale systems;Libraries;Network servers;Protocols;Testing;Virtual environment;Load test;beta test;game simulator;networked virtual environment;stress test;virtual client}, 
	month={Feb},
}

@article{seetharaman2006test,
	title={Test optimization using software virtualization},
	author={Seetharaman, Swaminathan and Murthy, Krishna},
	journal={Software, IEEE},
	volume={23},
	number={5},
	pages={66--69},
	year={2006},
	publisher={IEEE},
}

@misc{VMWarePowerCLIBlog,
	Author = {Alan Renouf},
	Title = {Be efficient-Virtualize automate your test environment},
	howpublished={\url{https://blogs.vmware.com/PowerCLI/2012/06/be-efficient-virtualize-automate-your-test-environment.html}}
}


@misc{amazononesec,
	author={Kit Eeton},
	Title = {How One Second Could Cost Amazon \$1.6 Billion In Sales},
	howpublished={\url{http://www.fastcompany.com/1825005/how-one-second-could-cost-amazon-16-billion-sales}},
	note = {Accessed: 2016-03-11},
}



@inproceedings{menon2005diagnosing,
	title={Diagnosing performance overheads in the Xen virtual machine environment},
	author={Menon, Aravind and Santos, Jose Renato and Turner, Yoshio and Janakiraman, G John and Zwaenepoel, Willy},
	booktitle={Proceedings of the 1st ACM/USENIX international conference on Virtual execution environments},
	pages={13--23},
	year={2005},
}

@book{walker1929studies,
	title={Studies in the history of statistical method: With special reference to certain educational problems.},
	author={Walker, Helen M},
	year={1929},
	publisher={Williams \& Wilkins Co},
}


@book{ranjanbook,
	title={The Art of Computer Systems Performance Analysis: Techniques for Experimental Design, Measurement, Simulation, and Modeling},
	author={Jain, R.},
	year={1990},
	publisher={Wiley},
}

}

@Article{Syer2016,
	author={Syer, Mark D.
	and Shang, Weiyi
	and Jiang, Zhen Ming
	and Hassan, Ahmed E."},
	title={Continuous validation of performance test workloads},
	journal={Automated Software Engineering},
	year={2016},
	pages={1--43},
}

@INPROCEEDINGS{markicsm2013, 
	author={M. D. Syer and Z. M. Jiang and M. Nagappan and A. E. Hassan and M. Nasser and P. Flora}, 
	booktitle={29th IEEE International Conference on Software Maintenance (ICSM '13)}, 
	title={Leveraging Performance Counters and Execution Logs to Diagnose Memory-Related Performance Issues}, 
	year={2013}, 
	pages={110-119}, 
	ISSN={1063-6773}, 
	month={Sept},}

@inproceedings{heger2013automated,
	title={Automated root cause isolation of performance regressions during software development},
	author={Heger, Christoph and Happe, Jens and Farahbod, Roozbeh},
	booktitle={Proceedings of the 4th ACM/SPEC International Conference on Performance Engineering},
	pages={27--38},
	year={2013},
	organization={ACM},
}

@misc{delldvd,
	title = {Dell DVD Store},
	author={Dave Jaffe, Todd Muirhead},
	howpublished = {\url{http://linux.dell.com/dvdstore/}},
	note = {Accessed: 2015-06-01},
}

@incollection{RInAction,
	author      = {Robert I. Kabacoff},
	title       = {{R In Action}},
	booktitle       = {{R In Action}},
	pages={207-213},
	publisher   = {Manning Publications Co.},
	address     = {Staten Island, NY},
	year        = {2011},
}

@misc{perfmon,
	title = {Windows Performance Counters},
	author={{Microsoft {T}echnet}},
	howpublished = {\url{https://technet.microsoft.com/en-us/library/cc780836(v=ws.10).aspx}},
	note = {Accessed: 2015-06-01},
}


@inproceedings{kohavi1995study,
	author = {Kohavi, Ron},
	title = {A Study of Cross-validation and Bootstrap for Accuracy Estimation and Model Selection},
	booktitle = {Proceedings of the 14th International Joint Conference on Artificial Intelligence - Volume 2},
	series = {IJCAI'95},
	year = {1995},
	pages = {1137--1143},
	numpages = {7},
}


@misc{mape,
	author={Eric Stellwagen},
	title = {Mean Absolute Percentage Error},
	howpublished = {\url{http://www.forecastpro.com/Trends/forecasting101August2011.html}},
	note = {Accessed: 2015-06-01},
}

@inproceedings{cohen2004correlating,
	author = {Cohen, Ira and Goldszmidt, Moises and Kelly, Terence and Symons, Julie and Chase, Jeffrey S.},
	title = {Correlating Instrumentation Data to System States: A Building Block for Automated Diagnosis and Control},
	booktitle = {Proceedings of the 6th Conference on Symposium on Opearting Systems Design \& Implementation - Volume 6},
	series = {OSDI'04},
	year = {2004},
	pages = {16--16},
	numpages = {1},
} 

@inproceedings{sugerman2001virtualizing,
	title={Virtualizing I/O Devices on VMware Workstation's Hosted Virtual Machine Monitor.},
	author={Sugerman, Jeremy and Venkitachalam, Ganesh and Lim, Beng-Hong},
	booktitle={USENIX Annual Technical Conference, General Track},
	pages={1--14},
	year={2001}
}

@misc{tomcat,
	author={Apache},
	title = {Tomcat},
	howpublished = {\url{http://tomcat.apache.org/}},
	note = {Accessed: 2015-06-01},
}



@misc{psutil,
	author = {Giampaolo Rodola},
	title = {Psutil},
	howpublished = {\url{https://github.com/giampaolo/psutil}},
	note = {Accessed: 2015-06-01},
}

@inproceedings{xiong2013vperfguard,
	author = {Xiong, Pengcheng and Pu, Calton and Zhu, Xiaoyun and Griffith, Rean},
	title = {vPerfGuard: An Automated Model-driven Framework for Application Performance Diagnosis in Consolidated Cloud Environments},
	booktitle = {Proceedings of the 4th ACM/SPEC International Conference on Performance Engineering},
	series = {ICPE '13},
	year = {2013},
	isbn = {978-1-4503-1636-1},
	location = {Prague, Czech Republic},
	pages = {271--282},
	numpages = {12},
}

@misc{wamp,
	author={Romain Bourdon},
	title = {{Wamp Server}},
	howpublished = {\url{http://www.wampserver.com/en//}},
	note = {{Accessed: 2015-11-18}},
}

@misc{SanFranciscoStateUniversity,
	author={Edward {F}. {C}onnor}, 
	title = {{Generalized Linear Models}},
	howpublished={\url{http://userwww.sfsu.edu/efc/classes/biol710/Glz/Generalized\%20Linear\%20Models.htm}},
	note = {Accessed: 2015-09-29},
}

@inproceedings{Nguyen:2012:ADP:2188286.2188344,
	author = {Nguyen, Thanh H.D. and Adams, Bram and Jiang, Zhen Ming and Hassan, Ahmed E. and Nasser, Mohamed and Flora, Parminder},
	title = {Automated Detection of Performance Regressions Using Statistical Process Control Techniques},
	booktitle = {Proceedings of the 3rd ACM/SPEC International Conference on Performance Engineering},
	series = {ICPE '12},
	year = {2012},
	pages = {299--310},
	numpages = {12},
}


@inproceedings{Cohen:2005:CIC:1095810.1095821,
	author = {Cohen, Ira and Zhang, Steve and Goldszmidt, Moises and Symons, Julie and Kelly, Terence and Fox, Armando},
	title = {Capturing, Indexing, Clustering, and Retrieving System History},
	booktitle = {Proceedings of the Twentieth ACM Symposium on Operating Systems Principles},
	series = {SOSP '05},
	year = {2005},
	isbn = {1-59593-079-5},
	location = {Brighton, United Kingdom},
	pages = {105--118},
	numpages = {14},
	acmid = {1095821},
} 

@inproceedings{bodik2008hilighter,
	author = {Bod\'{\i}k, Peter and Goldszmidt, Moises and Fox, Armando},
	title = {HiLighter: Automatically Building Robust Signatures of Performance Behavior for Small- and Large-scale Systems},
	booktitle = {Proceedings of the Third Conference on Tackling Computer Systems Problems with Machine Learning Techniques},
	series = {SysML'08},
	year = {2008},
	pages = {3--3},
	numpages = {1},
}

@INPROCEEDINGS{jackicsm2009, 
	author={Z. M. Jiang and A. E. Hassan and G. Hamann and P. Flora}, 
	booktitle={IEEE International Conference on Software Maintenance, 2009. ICSM 2009.}, 
	title={Automated performance analysis of load tests}, 
	year={2009}, 
	pages={125-134}, 
	ISSN={1063-6773}, 
	month={Sept},}



@article{jiang2011system,
	title={System monitoring with metric-correlation models},
	author={Jiang, Miao and Munawar, Mohammad and Reidemeister, Thomas and Ward, Paul AS and others},
	journal={Network and Service Management, IEEE Transactions on},
	volume={8},
	number={4},
	pages={348--360},
	year={2011},
	publisher={IEEE},
}

@misc{vmwareCPU,
	author={{VMW}are},
	title = {{VMw}are Knowledge Base},
	howpublished={\url{http://kb.vmware.com/selfservice/microsites/search.do?language=en_US\&cmd=displayKC\&externalID=2032}},
	note = {Accessed: 2015-12-01},
}


@misc{tpcw,
	author={{TPC}},
	title = {{TPC-W}},
	howpublished = {\url{www.tpc.org/tpcw}},
	note = {Accessed: 2015-06-01},
}


@misc{mysql,
	author={Oracle},
	title = {{MYSQL} Server 5.6},
	howpublished = {\url{https://www.mysql.com/}},
	note = {Accessed: 2015-06-01},
}

@misc{cloudscaleproject,
	author={{C}loud{S}cale},
	title = {{{C}loudScale-{P}roject}},
	howpublished = {\url{www.cloudscale-project.eu}},
	note = {Accessed: 2015-06-01},
}

@misc{cloudstore,
	author={{{C}loudScale-{P}roject}},
	title = {CloudStore},
	howpublished={\url{https://github.com/CloudScale-Project/CloudStore}},
	note = {Accessed: 2015-06-01},
}

@misc{apachejmeter,
	author={{Apache}},
	title = {{{Jm}eter}},
	howpublished={\url{http://jmeter.apache.org/}},
	note = {Accessed: 2015-06-01},
}

@misc{stresstesting,
	author={{Wikipedia}},
	title = {{Stress Testing}},
	howpublished={\url{https://en.wikipedia.org/wiki/Stress_testing_(software)}},
	note = {Accessed: 2015-06-01},
}

@misc{windowsperfmon,
	author={{Microsoft {T}echnet}},
	title = {{Perfmon}},
	howpublished={\url{https://technet.microsoft.com/en-us/library/dd744567(v=ws.10).aspx}},
	note = {Accessed: 2015-06-01},
}

@misc{weinberg2003use,
	title={Use of server access logs to generate scripts and scenarios for exercising and evaluating performance of web sites},
	author={Weinberg, A. and Alperin, E.},
	url={https://www.google.com/patents/US6549944},
	year={2003},
	publisher={Google Patents},
	note={US Patent 6,549,944},
}

@misc{qqplots,
	author={{NIST/SEMATECH}},
	title = {{e-Handbook of Statistical Methods}},
	howpublished={\url{http://www.itl.nist.gov/div898/handbook/eda/section3/qqplot.htm}},
	note = {Accessed: 2015-06-01},
}

@misc{spearman,
	author={{Statistics {S}olutions}},
	title = {{Correlation (Pearson, Kendall, Spearman)
	}},
	howpublished={\url{http://www.statisticssolutions.com/correlation-pearson-kendall-spearman/}},
	note = {Accessed: 2015-06-01},
}

@misc{R,
	author={{Ross Ihaka and Robert Gentleman}},
	title = {{R}},
	howpublished={\url{https://www.r-project.org/}},
	note = {Accessed: 2015-06-01},
}

@misc{heatmaps,
	author={{Wikipedia}},
	title = {{Heat map}},
	howpublished={\url{https://en.wikipedia.org/wiki/Heat_map/}},
	note = {Accessed: 2015-06-01},
}

@article{rahm2000data,
	title={Data cleaning: Problems and current approaches},
	author={Rahm, Erhard and Do, Hong Hai},
	journal={IEEE Data Eng. Bull.},
	volume={23},
	number={4},
	pages={3--13},
	year={2000}
}

@article{mansfield1982detecting,
	title={Detecting multicollinearity},
	author={Mansfield, Edward R and Helms, Billy P},
	journal={The American Statistician},
	volume={36},
	number={3a},
	pages={158--160},
	year={1982},
	publisher={Taylor \& Francis}
}

@book{linearregression,
	author = {Stephen A. Sweet, Karen A. Grace-Martin},
	title = {{Data Analysis with SPSS: A First Course in Applied Statistics, 4th Edition}},
	publisher={Pearson},
	pages={161-188},
	chapter={7},
	date = {12/27/2015},
}

@article{brownftest,
	author = {Morton B. Brown, Alan B. Forsythe},
	title = {{Robust Tests for the Equality of Variances}},
	journal = {{Journal of the American Statistical Association}},
	volume = {69},
	number = {346},
	pages = {364-367},
	year = {1974},
	URL = {http://amstat.tandfonline.com/doi/abs/10.1080/01621459.1974.10482955},
}

@misc{manutest,
	author={{Explorable}},
	title = {{Mann-Whitney \textit{U} Test}},
	howpublished={\url{https://explorable.com/mann-whitney-u-test}},
	note = {Accessed: 2015-06-01},
}


@Inbook{10foldcross,
	author="Refaeilzadeh, Payam
	and Tang, Lei
	and Liu, Huan",
	chapter="Cross-Validation",
	title="Encyclopedia of Database Systems",
	year="2009",
	publisher="Springer US",
	address="Boston, MA",
	pages="532--538",
	isbn="978-0-387-39940-9",
}

@article{mannwhitney,
	title={The Mann-Whitney U: A test for assessing whether two independent samples come from the same distribution},
	author={Nachar, Nadim},
	journal={Tutorials in Quantitative Methods for Psychology},
	volume={4},
	number={1},
	pages={13--20},
	year={2008}
}


@inproceedings{brosig2013evaluating,
	title={Evaluating approaches for performance prediction in virtualized environments},
	author={Brosig, Fabian and Gorsler, Fabian and Huber, Nikolaus and Kounev, Samuel},
	booktitle={2013 IEEE 21st International Symposium on Modelling, Analysis and Simulation of Computer and Telecommunication Systems},
	pages={404--408},
	year={2013},
	organization={IEEE}
}


@inproceedings{huber2011evaluating,
	title={Evaluating and Modeling Virtualization Performance Overhead for Cloud Environments},
	author={Huber, Nikolaus and von Quast, Marcel and Hauck, Michael and Kounev, Samuel},
	booktitle={Proceedings of the 1st International Conference on Cloud Computing and Services Science},
	pages={563--573},
	year={2011},
}


@inproceedings{Luo:2016:MPR:2901739.2901765,
	author = {Luo, Qi and Poshyvanyk, Denys and Grechanik, Mark},
	title = {Mining Performance Regression Inducing Code Changes in Evolving Software},
	booktitle = {Proceedings of the 13th International Conference on Mining Software Repositories},
	series = {MSR '16},
	year = {2016},
	pages = {25--36},
	numpages = {12},
}


@misc{costofdowntime,
	author={CA Technologies},
	title = {The Avoidable Cost of Downtime},
	howpublished={\url{http://www3.ca.com/~/media/files/articles/avoidable_cost_of_downtime_part_2_ita.aspx}},
	note = {Accessed: 2016-03-16}
}


@misc{vmwarehighcost,
	author={{VMWare}},
	title = {Accelerate Software Development and
	Testing with the VMware Virtualization
	Platform},
	howpublished = {\url{http://www.vmware.com/pdf/development_testing.pdf}},
	note = {Accessed: 2016-03-16},
}

@article{leitner,
	author = {Leitner, Philipp and Cito, J\"{u}rgen},
	title = {Patterns in the Chaos\&Mdash;A Study of Performance Variation and Predictability in Public IaaS Clouds},
	journal = {ACM Trans. Internet Technol.},
	issue_date = {August 2016},
	volume = {16},
	number = {3},
	month = apr,
	year = {2016},
	pages = {15:1--15:23},
	articleno = {15},
	numpages = {23},
} 

@inproceedings{Jiang:2010:AAL:1831708.1831726,
	author = {Jiang, Zhen Ming},
	title = {Automated Analysis of Load Testing Results},
	booktitle = {Proceedings of the 19th International Symposium on Software Testing and Analysis},
	series = {ISSTA '10},
	year = {2010},
	location = {Trento, Italy},
	pages = {143--146},
	numpages = {4},
} 
